@book{balanis2016antenna,
  title={Antenna theory: analysis and design},
  author={Balanis, Constantine A},
  year={2016},
  publisher={John wiley \& sons}
}

@inproceedings{carrel1966design,
  title={The design of log-periodic dipole antennas},
  author={Carrel, Robert},
  booktitle={1958 IRE International Convention Record},
  volume={9},
  pages={61--75},
  year={1966},
  organization={IEEE}
}

@article{kraus2002antennas,
  title={Antennas for all applications},
  author={Kraus, John Daniel and Marhefka, Ronald J},
  journal={Antennas for all applications},
  year={2002}
}

@book{nakano1996wideband,
  title     = {Wideband Dipole Antennas},
  author    = {Nakano, Hisamatsu},
  year      = {1996},
  publisher = {Artech House},
  address   = {Norwood, MA},
}

@book{arrl2014antenna,
  title     = {Antenna Book: The Ultimate Guide to Planning and Building Antennas},
  author    = {The American Radio Relay League, Inc.},
  edition   = {23rd},
  year      = {2014},
  publisher = {American Radio Relay League, Inc.},
  address   = {Newington, CT},
}


@standard{ieee1979test,
  title     = {IEEE Standard Test Procedures for Antennas},
  author    = {{IEEE Standards Association}},
  number    = {IEEE Std 149-1979 (R2008)},
  year      = {2008},
  note      = {Revised version of IEEE Std 149-1979},
}
